% Encoding: UTF-8

@Article{owasp2017top,
  author  = {OWASP, Top},
  title   = {Top 10-2017 The Ten Most Critical Web Application Security Risks},
  journal = {Owasp Book},
  year    = {2017},
  volume  = {29},
}

@InCollection{rahalkar2016hacking,
  author        = {Rahalkar, Sagar Ajay},
  title         = {Hacking Mobile Platforms},
  booktitle     = {Certified Ethical Hacker (CEH) Foundation Guide},
  publisher     = {Springer},
  year          = {2016},
  pages         = {153--159},
  __markedentry = {[Master:1]},
  doi           = {https://doi.org/10.1007/978-1-4842-2325-3_12},
  url           = {https://link.springer.com/chapter/10.1007/978-1-4842-2325-3_12},
}

@InProceedings{hartig2018semantics,
  author        = {Hartig, Olaf and P{\'e}rez, Jorge},
  title         = {Semantics and complexity of GraphQL},
  booktitle     = {Proceedings of the 2018 World Wide Web Conference},
  year          = {2018},
  pages         = {1155--1164},
  organization  = {International World Wide Web Conferences Steering Committee},
  __markedentry = {[Master:1]},
}

@article{hartig2017initial,
  title={An initial analysis of facebook's GraphQL language},
  author={Hartig, Olaf and P{\'e}rez, Jorge},
  year={2017},
  publisher={CEUR-WS}
}

@InProceedings{vazquez2017improving,
  author        = {V{\'a}zquez-Ingelmo, Andrea and Cruz-Benito, Juan and Garc{\'\i}a-Pe{\~n}alvo, Francisco J},
  title         = {Improving the OEEU's data-driven technological ecosystem's interoperability with GraphQL},
  booktitle     = {Proceedings of the 5th International Conference on Technological Ecosystems for Enhancing Multiculturality},
  year          = {2017},
  pages         = {89},
  organization  = {ACM},
  __markedentry = {[Master:1]},
}

@Article{,
  author        = {Rosalie Chan},
  title         = {GitHub is releasing its first-ever smartphone app},
  journal       = {Business Insider},
  year          = {2019},
  __markedentry = {[Master:1]},
  url           = {https://www.businessinsider.de/github-first-mobile-app-microsoft-acquisition-2019-11?r=US&IR=T},
}

@Electronic{githubblock,
  author        = {Rita Liao, Manish Singh},
  month         = jul,
  year          = {2019},
  title         = {GitHub confirms it has blocked developers in Iran, Syria and Crimea},
  language      = {English},
  url           = {https://techcrunch.com/2019/07/29/github-ban-sanctioned-countries/},
  __markedentry = {[Master:1]},
  owner         = {TechCrunch},
}

@Article{callegati2009man,
  author        = {Callegati, Franco and Cerroni, Walter and Ramilli, Marco},
  title         = {Man-in-the-Middle Attack to the HTTPS Protocol},
  journal       = {IEEE Security \& Privacy},
  year          = {2009},
  volume        = {7},
  number        = {1},
  pages         = {78--81},
  __markedentry = {[Master:1]},
  publisher     = {IEEE},
}

@Article{arkin2005software,
  author        = {Arkin, Brad and Stender, Scott and McGraw, Gary},
  title         = {Software penetration testing},
  journal       = {IEEE Security \& Privacy},
  year          = {2005},
  volume        = {3},
  number        = {1},
  pages         = {84--87},
  __markedentry = {[Master:1]},
  publisher     = {IEEE},
}

@InProceedings{stevens2009short,
  author        = {Stevens, Marc and Sotirov, Alexander and Appelbaum, Jacob and Lenstra, Arjen and Molnar, David and Osvik, Dag Arne and De Weger, Benne},
  title         = {Short chosen-prefix collisions for MD5 and the creation of a rogue CA certificate},
  booktitle     = {Annual International Cryptology Conference},
  year          = {2009},
  pages         = {55--69},
  organization  = {Springer},
  __markedentry = {[Master:1]},
}

@techreport{padlipsky1978limitations,
  title={Limitations of end-to-end encryption in secure computer networks},
  author={Padlipsky, MA and Snow, DW and Karger, PA},
  year={1978},
  institution={MITRE CORP BEDFORD MA}
}

@book{chess2007secure,
  title={Secure programming with static analysis},
  author={Chess, Brian and West, Jacob},
  year={2007},
  publisher={Pearson Education}
}

@book{masse2011rest,
  title={REST API Design Rulebook: Designing Consistent RESTful Web Service Interfaces},
  author={Masse, Mark},
  year={2011},
  publisher={" O'Reilly Media, Inc."}
}

@Comment{jabref-meta: databaseType:bibtex;}
